@article{rahman2015alternative,
  title={Alternative preprocessing of RNA-Sequencing data in The Cancer Genome Atlas leads to improved analysis results},
  author={Rahman, Mumtahena and Jackson, Laurie K and Johnson, W Evan and Li, Dean Y and Bild, Andrea H and Piccolo, Stephen R},
  journal={Bioinformatics},
  volume={31},
  number={22},
  pages={3666--3672},
  year={2015},
  publisher={Oxford University Press}
}
@article{Siegel2015,
  title={Cancer Statistics, 2015},
  author={Rebecca L. Siegel MPH, Kimberly D. Miller MPH Ahmedin Jemal DVM, PhD},
  journal={CA: A Cancer Journal for Clinicians},
  volume={65},
  number={1},
  pages={5--29},
  year={2015},
}
@article{siegel2015cancer,
  title={Cancer statistics, 2015},
  author={Siegel, Rebecca L and Miller, Kimberly D and Jemal, Ahmedin},
  journal={CA: a cancer journal for clinicians},
  volume={65},
  number={1},
  pages={5--29},
  year={2015},
  publisher={Wiley Online Library}
}

@article{rahman2015alternative,
  title={Alternative preprocessing of RNA-Sequencing data in The Cancer Genome Atlas leads to improved analysis results},
  author={Rahman, Mumtahena and Jackson, Laurie K and Johnson, W Evan and Li, Dean Y and Bild, Andrea H and Piccolo, Stephen R},
  journal={Bioinformatics},
  volume={31},
  number={22},
  pages={3666--3672},
  year={2015},
  publisher={Oxford University Press}
}
@article{arnold2017global,
  title={Global patterns and trends in colorectal cancer incidence and mortality},
  author={Arnold, Melina and Sierra, M{\'o}nica S and Laversanne, Mathieu and Soerjomataram, Isabelle and Jemal, Ahmedin and Bray, Freddie},
  journal={Gut},
  volume={66},
  number={4},
  pages={683--691},
  year={2017},
  publisher={BMJ Publishing Group}
}

@article{colussi2013molecular,
  title={Molecular pathways involved in colorectal cancer: implications for disease behavior and prevention},
  author={Colussi, Dora and Brandi, Giovanni and Bazzoli, Franco and Ricciardiello, Luigi},
  journal={International journal of molecular sciences},
  volume={14},
  number={8},
  pages={16365--16385},
  year={2013},
  publisher={Multidisciplinary Digital Publishing Institute}
}

@article{huo2017colorectal,
  title={Colorectal cancer stages transcriptome analysis},
  author={Huo, Tianyao and Canepa, Ronald and Sura, Andrei and Modave, Fran{\c{c}}ois and Gong, Yan},
  journal={PloS one},
  volume={12},
  number={11},
  pages={e0188697},
  year={2017},
  publisher={Public Library of Science}
}

@article{liao2019r,
  title={The R package Rsubread is easier, faster, cheaper and better for alignment and quantification of RNA sequencing reads},
  author={Liao, Yang and Smyth, Gordon K and Shi, Wei},
  journal={Nucleic acids research},
  volume={47},
  number={8},
  pages={e47--e47},
  year={2019},
  publisher={Oxford University Press}
}

@article{tariq2016colorectal,
  title={Colorectal cancer carcinogenesis: a review of mechanisms},
  author={Tariq, Kanwal and Ghias, Kulsoom},
  journal={Cancer biology \& medicine},
  volume={13},
  number={1},
  pages={120},
  year={2016},
  publisher={Chinese Anti-Cancer Association}
}

@article{di2018mef2,
  title={MEF2 and the tumorigenic process, hic sunt leones},
  author={Di Giorgio, Eros and Hancock, Wayne W and Brancolini, Claudio},
  journal={Biochimica et Biophysica Acta (BBA)-Reviews on Cancer},
  volume={1870},
  number={2},
  pages={261--273},
  year={2018},
  publisher={Elsevier}
}

@article{arese2018tumor,
  title={Tumor progression: the neuronal input},
  author={Arese, Marco and Bussolino, Federico and Pergolizzi, Margherita and Bizzozero, Laura and Pascal, Davide},
  journal={Annals of translational medicine},
  volume={6},
  number={5},
  year={2018},
  publisher={AME Publications}
}
@article{radin2017current,
  title={A current perspective on the oncopreventive and oncolytic properties of selective serotonin reuptake inhibitors},
  author={Radin, Daniel P and Patel, Parth},
  journal={Biomedicine \& Pharmacotherapy},
  volume={87},
  pages={636--639},
  year={2017},
  publisher={Elsevier}
}
@article{qiu2016overexpression,
  title={Overexpression of FZD7 promotes glioma cell proliferation by upregulating TAZ},
  author={Qiu, Xia and Jiao, Jianguo and Li, Yidong and Tian, Tian},
  journal={Oncotarget},
  volume={7},
  number={52},
  pages={85987},
  year={2016},
  publisher={Impact Journals, LLC}
}
@article{fearon2011molecular,
  title={Molecular genetics of colorectal cancer},
  author={Fearon, Eric R},
  journal={Annual Review of Pathology: Mechanisms of Disease},
  volume={6},
  pages={479--507},
  year={2011},
  publisher={Annual Reviews}
}
@article{hsu1995platelet,
  title={Platelet-derived growth factor-B increases colon cancer cell growth in vivo by a paracrine effect},
  author={Hsu, Stephen and Huang, Fei and Friedman, Eileen},
  journal={Journal of cellular physiology},
  volume={165},
  number={2},
  pages={239--245},
  year={1995},
  publisher={Wiley Online Library}
}
@article{tomonaga2003overexpression,
  title={Overexpression and mistargeting of centromere protein-A in human primary colorectal cancer},
  author={Tomonaga, Takeshi and Matsushita, Kazuyuki and Yamaguchi, Seiko and Oohashi, Tatsuya and Shimada, Hideaki and Ochiai, Takenori and Yoda, Kinya and Nomura, Fumio},
  journal={Cancer research},
  volume={63},
  number={13},
  pages={3511--3516},
  year={2003},
  publisher={AACR}
}

@article{rahman2015alternative,
  title={Alternative preprocessing of RNA-Sequencing data in The Cancer Genome Atlas leads to improved analysis results},
  author={Rahman, Mumtahena and Jackson, Laurie K and Johnson, W Evan and Li, Dean Y and Bild, Andrea H and Piccolo, Stephen R},
  journal={Bioinformatics},
  volume={31},
  number={22},
  pages={3666--3672},
  year={2015},
  publisher={Oxford University Press}
}
@article{Siegel2015,
  title={Cancer Statistics, 2015},
  author={Rebecca L. Siegel MPH, Kimberly D. Miller MPH Ahmedin Jemal DVM, PhD},
  journal={CA: A Cancer Journal for Clinicians},
  volume={65},
  number={1},
  pages={5--29},
  year={2015},
}

@article{bogaert2014molecular,
  title={Molecular genetics of colorectal cancer},
  author={Bogaert, Julie and Prenen, Hans},
  journal={Annals of gastroenterology},
  volume={27},
  number={1},
  pages={9},
  year={2014},
  publisher={The Hellenic Society of Gastroenterology}
}

@article{alfarouk2014glycolysis,
  title={Glycolysis, tumor metabolism, cancer growth and dissemination. A new pH-based etiopathogenic perspective and therapeutic approach to an old cancer question},
  author={Alfarouk, Khalid O and Verduzco, Daniel and Rauch, Cyril and Muddathir, Abdel Khalig and Adil, HH Bashir and Elhassan, Gamal O and Ibrahim, Muntaser E and Orozco, Julian David Polo and Cardone, Rosa Angela and Reshkin, Stephan J and others},
  journal={Oncoscience},
  volume={1},
  number={12},
  pages={777},
  year={2014},
  publisher={Impact Journals, LLC}
}

@article{satoh2017global,
  title={Global metabolic reprogramming of colorectal cancer occurs at adenoma stage and is induced by MYC},
  author={Satoh, Kiyotoshi and Yachida, Shinichi and Sugimoto, Masahiro and Oshima, Minoru and Nakagawa, Toshitaka and Akamoto, Shintaro and Tabata, Sho and Saitoh, Kaori and Kato, Keiko and Sato, Saya and others},
  journal={Proceedings of the National Academy of Sciences},
  volume={114},
  number={37},
  pages={E7697--E7706},
  year={2017},
  publisher={National Acad Sciences}
}

@article{tariq2016colorectal,
  title={Colorectal cancer carcinogenesis: a review of mechanisms},
  author={Tariq, Kanwal and Ghias, Kulsoom},
  journal={Cancer biology \& medicine},
  volume={13},
  number={1},
  pages={120},
  year={2016},
  publisher={Chinese Anti-Cancer Association}
}

@article{lorenc2017profile,
  title={Profile of expression of genes encoding matrix metallopeptidase 9 (MMP9), matrix metallopeptidase 28 (MMP28) and TIMP metallopeptidase inhibitor 1 (TIMP1) in colorectal cancer: Assessment of the role in diagnosis and prognostication},
  author={Lorenc, Zbigniew and Waniczek, Dariusz and Lorenc-Podg{\'o}rska, Katarzyna and Krawczyk, Wiktor and Domaga{\l}a, Maciej and Majewski, Mateusz and Mazurek, Urszula},
  journal={Medical science monitor: international medical journal of experimental and clinical research},
  volume={23},
  pages={1305},
  year={2017},
  publisher={International Scientific Information, Inc.}
}
@article{manzat2017role,
  title={The role of PDGFs and PDGFRs in colorectal cancer},
  author={Manzat Saplacan, Roberta M and Balacescu, Loredana and Gherman, Claudia and Chira, Romeo I and Craiu, Anca and Mircea, Petru A and Lisencu, Cosmin and Balacescu, Ovidiu},
  journal={Mediators of inflammation},
  volume={2017},
  year={2017},
  publisher={Hindawi}
}
@article{conev2019ripk3,
  title={RIPK3 expression as a potential predictive and prognostic marker in metastatic colon cancer},
  author={Conev, Nikolay V and Dimitrova, Eleonora G and Bogdanova, Margarita K and Kashlov, Yavor K and Chaushev, Borislav G and Petrov, Dilyan P and Bachvarov, Chavdar H and Todorov, George N and Kalchev, Kalin P and Popov, Hristo B and others},
  journal={Clinical and Investigative Medicine (Online)},
  volume={42},
  number={1},
  pages={E31--E38},
  year={2019},
  publisher={Canadian Society for Clinical Investigation}
}


